@TECHREPORT{BarFT-RR-17,
  author =	 {Clark Barrett and Pascal Fontaine and Cesare Tinelli},
  title =	 {{The SMT-LIB Standard: Version 2.6}},
  institution =	 {Department of Computer Science, The University of Iowa},
  year =	 2017,
  note =	 {Available at \url{www.SMT-LIB.org}}
}

@article{sygusFormat,
author = {Raghothaman, Mukund and Udupa, Abhishek},
year = {2014},
pages = {},
title = {Language to Specify Syntax-Guided Synthesis Problems},
howpublished = {\url{http://sygus.org}},
}

@misc{smtlibStrings,
  author = {Cesare Tinelli and Clark Barrett and Pascal Fontaine},
  title = {{Unicode Strings (Draft 1.0)}},
  howpublished = {\url{http://smtlib.cs.uiowa.edu/theories-UnicodeStrings.shtml}},
  year = 2018,
}

@misc{sygusSyntax2015,
  author = {Rajeev Alur and Dana Fisman and P. Madhusudan and Rishabh Singh and Armando Solar-Lezama},
  title = {{SyGuS Syntax for SyGuS-COMP 15}},
  howpublished = {\url{http://sygus.org}},
  year = 2015,
}
@misc{sygusSyntax2016,
  author = {Rajeev Alur and Dana Fisman and Rishabh Singh and Armando Solar-Lezama},
  title = {{SyGuS Syntax for SyGuS-COMP 16}},
  howpublished = {\url{http://sygus.org}},
  year = 2016,
}
@article{oracles,
  author    = {Susmit Jha and
               Sanjit A. Seshia},
  title     = {A theory of formal synthesis via inductive learning},
  journal   = {Acta Informatica},
  volume    = {54},
  number    = {7},
  pages     = {693--726},
  year      = {2017}
}
